[gd_scene load_steps=6 format=2]

[ext_resource path="res://Scenes/Carrito.tscn" type="PackedScene" id=1]
[ext_resource path="res://Scenes/Cocina.tscn" type="PackedScene" id=2]
[ext_resource path="res://Scenes/Main.gd" type="Script" id=3]
[ext_resource path="res://Scenes/Ticketera.tscn" type="PackedScene" id=4]
[ext_resource path="res://Scenes/SceneTransition.tscn" type="PackedScene" id=5]

[node name="Juego" type="Node2D"]
script = ExtResource( 3 )

[node name="Carrito" parent="." instance=ExtResource( 1 )]
ticketera_path = NodePath("../CanvasLayer/Ticketera")

[node name="Cocina" parent="." instance=ExtResource( 2 )]
visible = false
ticketera_path = NodePath("../CanvasLayer/Ticketera")

[node name="CanvasLayer" type="CanvasLayer" parent="."]

[node name="Ticketera" parent="CanvasLayer" instance=ExtResource( 4 )]
carrito_path = NodePath("../../Carrito")

[node name="SceneTransition" parent="." instance=ExtResource( 5 )]
visible = false

[connection signal="mostrar_cocina" from="Carrito" to="." method="_on_Carrito_mostrar_cocina"]
[connection signal="mostrar_carrito" from="Cocina" to="." method="_on_Cocina_mostrar_carrito"]
[connection signal="pedido_listo" from="Cocina" to="CanvasLayer/Ticketera" method="entregar_pedido"]
[connection signal="cliente_atendido" from="CanvasLayer/Ticketera" to="Carrito" method="_on_Ticketera_cliente_atendido"]
