[gd_scene load_steps=9 format=2]

[ext_resource path="res://Assets/01- Background Muelle.png" type="Texture" id=1]
[ext_resource path="res://Scenes/Menu principal.gd" type="Script" id=2]
[ext_resource path="res://Assets/03- Logo y Menu/00- El Carrito Logo.png" type="Texture" id=3]
[ext_resource path="res://Scenes/SceneTransition.tscn" type="PackedScene" id=4]
[ext_resource path="res://Assets/03- Logo y Menu/01- Empezar.png" type="Texture" id=5]
[ext_resource path="res://Assets/03- Logo y Menu/pantalla menu.png" type="Texture" id=6]
[ext_resource path="res://Assets/03- Logo y Menu/03- Salir.png" type="Texture" id=7]
[ext_resource path="res://Assets/03- Logo y Menu/02- Creditos.png" type="Texture" id=8]

[node name="Menu principal" type="Control"]
anchor_right = 1.0
anchor_bottom = 1.0
script = ExtResource( 2 )
__meta__ = {
"_edit_use_anchors_": false
}

[node name="guia" type="TextureRect" parent="."]
margin_right = 40.0
margin_bottom = 40.0
texture = ExtResource( 6 )
__meta__ = {
"_edit_use_anchors_": false
}

[node name="Fondo" type="TextureRect" parent="."]
margin_right = 3000.0
margin_bottom = 2000.0
texture = ExtResource( 1 )
stretch_mode = 5
__meta__ = {
"_edit_use_anchors_": false
}

[node name="Logo" type="TextureRect" parent="."]
margin_left = 850.0
margin_top = 80.0
margin_right = 2420.0
margin_bottom = 1170.0
texture = ExtResource( 3 )
stretch_mode = 5
__meta__ = {
"_edit_use_anchors_": false
}

[node name="Button_start" type="TextureButton" parent="."]
margin_left = 830.0
margin_top = 869.0
margin_right = 2100.0
margin_bottom = 1409.0
texture_normal = ExtResource( 5 )
expand = true
stretch_mode = 4
__meta__ = {
"_edit_use_anchors_": false
}

[node name="Button_credits" type="TextureButton" parent="."]
margin_left = 1100.0
margin_top = 1346.0
margin_right = 1950.0
margin_bottom = 1676.0
texture_normal = ExtResource( 8 )
expand = true
stretch_mode = 4

[node name="Button_salir" type="TextureButton" parent="."]
margin_left = 1190.0
margin_top = 1615.0
margin_right = 1630.0
margin_bottom = 1935.0
texture_normal = ExtResource( 7 )
expand = true
stretch_mode = 4
__meta__ = {
"_edit_use_anchors_": false
}

[node name="SceneTransition" parent="." instance=ExtResource( 4 )]
[connection signal="pressed" from="Button_start" to="." method="_on_Button_start_pressed"]
[connection signal="pressed" from="Button_credits" to="." method="_on_Button_credits_pressed"]
[connection signal="pressed" from="Button_salir" to="." method="_on_Button_salir_pressed"]
